3446 5340
657 355 865 425 ...17-

175 553 242 643 28.
271 563 378 655 Lapis
396 563 567 636 calcarias
586 563 753 655 oblongus
771 585 879 656 prope
897 565 1012 638 vicum
1030 565 1158 639 Moti-se
1179 567 1275 642 inter
1299 571 1404 644 Gom·

114 683 263 776 potesse
285 691 323 758 et
339 684 644 758 Pietrabdoodoote
664 707 753 760 enno
776 689 877 760 1868
902 687 1063 760 inventus
1090 691 1288 764 etiamnunc
1310 694 1403 768 iacet
1463 737 1467 744 ·

120 809 157 880 in
177 807 284 882 inndo
302 808 443 882 Boreae
464 809 590 882 Cooellc'
608 809 701 884 detto
718 811 821 884 Postu
848 810 940 902 apud
963 813 1127 886 sacellum
1147 814 1183 888 S.
1204 815 1328 889 Morio
1345 819 1403 892 del

25 937 27 942 “
118 931 246 1024 Pione,
274 933 311 1003 in
330 953 398 1023 qno
415 934 512 1023 prius
530 933 652 1005 aitaris
671 955 812 1007 munere
831 933 970 1007 iunctus
988 941 1053 1008 est.
1082 936 1205 1030 longus
1227 960 1273 1011 m.
1298 943 1360 1031 1,7
1364 944 1398 1016 3.

119 1055 211 1128 ultus
230 1077 276 1129 m.
298 1059 388 1147 0‚53
409 1056 584 1148 (Canaba).
606 1057 746 1130 litterae
764 1059 856 1130 altae
875 1080 920 1130 m.
944 1061 1074 1150 0‚043.

405 1245 473 1329 bn.
492 1245 643 1330 betitis.
664 1244 730 1329 bn.
750 1244 934 1330 meddiss.
952 1247 1109 1350 pruded

120 1387 283 1473 Bomos
304 1387 383 1492 (vel
405 1391 600 1488 Boeotus)
627 1390 789 1595 111111ιῖ3
810 1391 969 1596 {mm
994 1393 1175 1498 (Berotai)
1191 1396 1233 1503 f.
1252 1395 1403 1490 occddc'u

669 1539 741 1622 pro
764 1540 852 1596 ooo.

172 1717 259 1790 Tab.
279 1716 314 1789 V
333 1737 366 1789 n.
392 1720 407 1787 1
431 1716 476 1789 ad
494 1716 657 1807 lapidem.
687 1713 810 1790 Edidit
838 1737 881 1788 ex
909 1717 1109 1810 apographo
1137 1723 1174 1789 et
1202 1722 1327 1809 ectypo
1354 1719 1398 1792 eb

119 1839 311 1934 Alionsoe
339 1839 482 1913 Niocola
509 1839 544 1912 di
573 1841 671 1913 Jorio
699 1843 815 1915 missis
843 1843 887 1914 A.
920 1841 1078 1916 Canaba
1106 1841 1225 1914 Giom.
1251 1844 1345 1914 soavi
1365 1843 1400 1915 di

116 1965 239 2056 Pomp.
265 1987 299 2037 n.
321 1985 351 2037 s.
376 1964 393 2035 Ι
416 1987 449 2055 p.
473 1967 562 2039 209.
594 1964 662 2055 Qui
680 1967 772 2057 quod
793 1967 891 2039 addit
909 1964 963 2038 sut
982 1963 1050 2037 loto
1068 1986 1087 2037 o
1099 1965 1398 2056 piooosoperiore

117 2087 177 2160 acl
193 2109 316 2179 menno,
341 2086 503 2178 alquanto
520 2109 616 2160 uerso
634 2089 790 2182 maistre,
818 2089 863 2161 da
881 2111 930 2160 uo
947 2089 1069 2160 iocoue
1086 2111 1109 2159 u
1126 2085 1233 2181 foppio
1250 2089 1289 2161 di
1306 2109 1397 2162 mor-

117 2211 189 2285 toc'o
216 2209 271 2284 del
297 2213 465 2286 diametro
482 2213 522 2285 di
539 2214 672 2286 cestim.
694 2220 758 2306 12,
787 2238 804 2288 e
830 2213 922 2288 detta
944 2211 1205 2306 profonditddc'
1226 2213 1312 2289 mut.
1337 2217 1398 2308 95,

117 2354 281 2406 veremur
300 2356 343 2407 ne
361 2335 429 2408 hoe
449 2337 491 2408 de
511 2343 611 2426 parte
630 2336 809 2428 inferiore,
839 2338 921 2428 quia
948 2337 1036 2427 lapis
1055 2338 1215 2410 inversus
1234 2343 1299 2426 est,
1329 2338 1399 2410 dici

117 2458 327 2548 oportuerit.
360 2458 593 2549 Repetierunt
622 2458 803 2533 Corssen
832 2461 1006 2534 Zeitsohr.
1041 2458 1065 2531 1.
1097 2460 1207 2550 vergi.
1237 2457 1396 2554 Sprachf.

116 2581 185 2653 XX
204 2603 238 2672 p.
255 2587 325 2655 111
344 2604 395 2674 sq.
413 2589 449 2657 et
464 2584 607 2674 Ephem.
629 2585 740 2675 epigr.
753 2586 788 2656 II
807 2607 840 2676 p.
857 2588 930 2658 190
951 2607 983 2656 n.
998 2587 1060 2675 83,
1080 2583 1268 2657 Febretti
1286 2583 1396 2658 Prim.

116 2705 239 2800 Suppl.
261 2729 294 2779 n.
317 2710 405 2782 508.

172 2952 356 3044 Scriptura
374 2955 482 3028 rudis.
515 2954 710 3029 nolendum
732 2962 798 3045 est,
827 2955 921 3045 quod
947 2955 1036 3046 lapis
1060 2955 1117 3029 hic
1136 2955 1397 3070 antiquissimps

114 3078 231 3151 adhuc
258 3078 421 3150 subdivo
440 3079 532 3151 iacet
550 3079 711 3150 omnibus
733 3083 769 3150 et
788 3084 1034 3169 tempestatum
1053 3084 1089 3149 et
1106 3079 1285 3151 hominnm
1303 3077 1397 3150 iniu-

115 3200 181 3272 riis
199 3201 380 3273 obnoxius.

168 3507 233 3596 23.
263 3517 335 3590 Sub
355 3517 446 3607 pede
465 3517 557 3590 vasis
577 3538 620 3588 ex
639 3516 764 3608 argilla
784 3516 884 3607 nigra
901 3513 986 3588 fecti
1009 3515 1142 3590 inventi
1161 3536 1279 3588 mense
1298 3515 1397 3588 Mer-

113 3641 166 3713 tio
185 3643 267 3713 anni
289 3643 389 3713 1855
415 3638 507 3712 netto
527 3640 709 3732 provincio
738 3640 776 3712 di
803 3637 930 3712 Molise
957 3636 1030 3710 allo
1056 3615 1279 3711 curamue·
1304 3639 1399 3711 circo

113 3759 233 3853 motta
260 3767 311 3834 tre
338 3784 361 3834 o
387 3761 602 3834 eodemmodo
631 3761 670 3832 di
697 3761 790 3852 Tiro,
819 3783 957 3834 comune
984 3761 1134 3835 distem
1160 3761 1252 3833 circo
1278 3761 1397 3853 motta

110 3885 202 3959 diecu'
219 3886 266 3958 do
287 3885 533 3980 (1111111111).ι
543 3885 747 3957 Minervini.

9 4301 10 4310 .
166 4255 532 4329 EdiditMinervini
551 4256 645 4328 Buli.
667 4256 762 4329 arch.
783 4277 861 4348 nup.
882 4277 915 4326 n.
934 4276 962 4328 s.
977 4256 1030 4327 III
1048 4277 1083 4346 p.
1102 4256 1190 4346 131,
1210 4251 1302 4324 unde
1321 4250 1395 4324 Fa-

111 4379 244 4454 bretti
265 4378 305 4452 0.
326 4381 356 4452 1.
377 4381 422 4452 It.
441 4402 476 4454 n.
500 4383 618 4454 2886:
640 4381 666 4451 8
689 4379 729 4472 Ξ,
755 4383 814 4470 qui
833 4381 923 4452 hauc
940 4377 1207 4468 inscriptionem
1224 4378 1318 4448 inter
1336 4396 1396 4450 eas

112 4525 203 4598 qnae
222 4504 380 4576 incertae
398 4504 551 4596 regionis
567 4514 649 4578 sunt
662 4504 793 4595 posuit.
816 4503 885 4576 Ubi
899 4523 990 4575 nunc
1004 4502 1051 4575 sit
1064 4502 1262 4592 ignoretur,
1281 4519 1395 4590 nequo

110 4633 146 4704 in
165 4649 287 4704 museo
306 4625 535 4720 Neapolitano
555 4649 632 4702 eam
652 4627 897 4720 quaesivimus.

1164 4761 1182 4814 a
