3446 5340
671 415 880 486 ..59-

184 639 218 692 v.
243 621 258 689 l
292 623 475 710 praetera
494 622 651 694 litteram
670 623 784 694 omnia
802 631 1025 696 evanuerunt.
1049 643 1080 695 v.
1104 627 1125 694 2
1151 625 1241 698 inter
1263 615 1293 696 Ν
1317 631 1407 705 et&

121 749 188 816 est
206 745 356 834 spatium
375 746 412 816 in
426 766 494 836 quo
508 743 655 818 fortasse
676 749 686 818 Ι
707 746 825 818 littera
838 744 915 820 fuit.
929 745 1017 820 Oom
1043 755 1071 827 8
1096 757 1241 841 propter
1259 753 1412 826 colorem

122 867 424 941 obscurissimum
443 876 479 942 et
496 868 641 942 formam
661 870 860 960 angulatam
885 892 988 962 quam
1006 874 1042 943 in
1061 874 1174 946 titulis
1192 875 1413 968 Pompeianis

121 993 240 1084 pictis
256 1013 324 1064 uon
339 993 488 1065 vidimus
503 992 704 1085 scrupulum
724 993 824 1066 nobis
842 993 985 1088 faceret,
1010 1001 1126 1070 tamen
1147 1018 1215 1078 non
1231 1020 1306 1072 esse
1324 1003 1411 1074 ami-

123 1137 196 1190 cus
220 1117 394 1191 Antonius
418 1117 579 1208 Sogliano
602 1119 757 1191 litteram
781 1117 881 1191 aliam
906 1140 969 1210 per
991 1121 1174 1211 epistulam
1202 1119 1409 1199 adfirmavit.

124 1240 181 1316 cf.
202 1241 417 1315 Glossarium
436 1263 464 1314 s.
485 1263 517 1316 v.
531 1231 677 1314 ‘atillis'.
1167 1229 1170 1234 ’

191 1513 257 1605 il.
281 1523 531 1615 Fragmentum
549 1524 644 1596 tituli
664 1523 772 1595 rubro
792 1523 908 1596 colore
926 1524 1011 1614 ploti
1030 1525 1063 1595 in
1084 1525 1154 1615 pila
1173 1523 1307 1599 tofacea
1324 1525 1409 1619 Reg.
1488 1483 1492 1492 ’

127 1647 208 1720 VII
226 1649 291 1720 ins.
312 1648 376 1740 IX,
406 1647 464 1719 lat.
485 1648 609 1720 orient.
631 1668 665 1720 n.
688 1647 855 1719 58-59.
875 1647 1015 1720 litterae
1033 1648 1123 1722 altae
1142 1671 1187 1721 m.
1209 1652 1338 1739 0,220.

686 1799 790 1884 arsit.
809 1799 866 1883 ni.

689 1985 696 2002 .
720 1944 821 2026 ugn

190 2105 276 2178 Tab.
297 2105 402 2178 XVII
421 2128 456 2179 n.
477 2109 501 2178 4
520 2106 566 2179 ad
582 2106 743 2196 lapidem.
764 2099 852 2178 ‘rdt2
872 2096 922 2178 ui'
946 2127 987 2178 ex
1006 2106 1119 2200 effigie
1138 2129 1158 2181 a
1177 2109 1221 2182 R.
1242 2109 1413 2183 Schoenio

130 2229 230 2303 faeta
248 2230 359 2303 edidit
379 2229 555 2302 Corssan
573 2229 720 2320 Ephem.
741 2229 861 2321 Epigr.
879 2230 914 2302 II
933 2251 966 2320 p.
987 2233 1059 2303 175
1080 2253 1114 2303 n.
1137 2235 1198 2307 36.

190 2447 223 2497 v.
246 2429 267 2497 2
288 2426 362 2497 lere
381 2425 497 2497 omnia
515 2425 717 2497 obscurant
735 2426 879 2496 incerta.

189 2700 255 2790 ⁹5.
284 2709 420 2782 Titulos
445 2708 548 2781 latro
574 2707 682 2782 oolore
704 2707 834 2798 putus,
866 2707 926 2797 oni
953 2705 1035 2780 olim
1061 2707 1229 2802 lepebotur
1255 2709 1293 2780 in
1316 2709 1413 2783 domo

133 2835 318 2926 Pomponii
335 2835 427 2906 dioto
444 2833 483 2904 ia
494 2830 614 2923 platon
627 2830 808 2904 Mercurii·
827 2829 987 2921 Lepsios.

354 3051 361 3066 .
384 3006 537 3072 omens
555 2983 764 3069 meliissoii
784 3043 792 3062 .
811 3003 885 3064 .11.
902 3042 911 3061 .
931 2978 1202 3085 iglpaarigtls?

735 3113 822 3190 illl?

654 3247 901 3335 mitondans?

192 3435 304 3526 Quam
322 3434 583 3525 inscriptionem
602 3433 637 3504 in
652 3431 722 3504 tab.
734 3431 838 3504 XVII
856 3453 890 3503 n.
905 3435 925 3502 5
947 3451 1009 3504 nos
1028 3432 1064 3502 iu
1083 3430 1169 3503 duos
1187 3451 1308 3504 versus
1325 3429 1414 3506 falso

139 3559 333 3633 divisimus.
361 3555 404 3630 ct.
424 3556 598 3646 Lepsios
616 3556 727 3628 lusor.
740 3553 861 3628 Umbr.
882 3562 918 3626 et
937 3551 1016 3626 Oso.
1037 3553 1108 3626 tab.
1129 3553 1232 3626 XXII
1251 3576 1284 3627 u.
1298 3557 1412 3629 8-9.

140 3681 337 3756 Edidarunt
355 3681 569 3770 saepissime.
589 3679 670 3751 vide
687 3676 879 3749 Fabretti
899 3676 938 3750 G.
959 3676 988 3748 Ι.
1008 3677 1052 3751 lt.
1072 3699 1107 3748 n.
1122 3677 1235 3750 2805.

192 3953 260 4043 ild.
289 3962 428 4038 Titulus
457 3961 564 4034 rubro
592 3960 708 4034 colore
734 3961 851 4051 pietus
878 3960 938 4049 qui
966 3959 1049 4030 olim
1076 3958 1259 4050 legabatur
1286 3961 1321 4030 iu
1345 3958 1416 4049 pila

140 4085 273 4160 tofacea
292 4087 413 4159 domus
431 4082 599 4159 Medusae
617 4087 653 4157 in
671 4085 787 4176 platea
806 4083 988 4156 Mercurii.

208 4241 462 4341 maamiioiso.
481 4255 710 4339 meiitaiiais
871 4251 1061 4337 Munius?
1079 4252 1296 4363 influens?

250 4438 290 4464 ..
314 4377 408 4464 .kln

194 4563 279 4636 Tab.
300 4561 405 4634 XVII
425 4584 457 4632 n.
480 4565 502 4635 6
528 4560 572 4632 ad
591 4560 767 4651 exemplar
785 4558 1017 4632 Mommseni
1049 4557 1130 4630 Uut.
1152 4558 1244 4631 Dial.
1274 4557 1346 4629 tab.
1366 4557 1418 4628 XI

145 4707 178 4757 u.
200 4686 278 4760 30b
306 4687 366 4778 qui
394 4687 492 4778 prins
515 4687 606 4758 huno
624 4684 763 4757 titulum
789 4651 948 4756 ediderat
969 4683 1005 4753 in
1024 4682 1115 4754 Bull.
1136 4682 1231 4754 arch.
1252 4702 1331 4773 unp.
1352 4679 1416 4773 IV,
