3446 5340
660 363 868 434 ..29-

177 565 242 652 43.
271 573 406 646 Titulus
433 572 540 645 rubro
562 573 679 647 colore
696 572 813 662 pictus
830 574 868 644 in
886 591 991 662 opere
1009 573 1173 663 tectorio,
1202 592 1271 663 quc
1290 575 1401 647 lectus

125 698 340 770 mortuarius
359 697 541 770 decoratus
560 702 648 787 erat,
678 715 769 768 nunc
796 698 831 768 in
850 697 1091 788 promptuario
1111 700 1220 770 musei
1238 697 1402 790 Neapoli-

125 821 210 892 tani.
231 821 371 894 litterae
389 820 480 893 attae
499 843 544 892 m.
566 823 715 932 0,064.¹

196 989 330 1094 uptnls
348 991 531 1075 scierim
549 992 692 1076 minias
811 991 973 1101 lsprfulaa
992 991 1146 1079 Saluiae
1164 993 1286 1078 1111111
1289 993 1358 1103 f..²

176 1195 327 1268 Textum
355 1197 565 1286 sumpsimus
593 1217 636 1268 ex
664 1196 825 1269 editione
836 1197 918 1269 Iulii
937 1197 980 1268 de
999 1197 1119 1290 Petra,
1143 1199 1203 1289 qui
1221 1196 1295 1270 fere
1313 1199 1404 1272 intc-
1466 1251 1470 1258 -

124 1339 225 1410 gram
243 1319 506 1410 inscriptionem
526 1320 672 1392 viderat.
703 1319 775 1392 Nos
793 1327 915 1393 contra
933 1341 1036 1412 quam
1056 1342 1212 1394 mancam
1231 1324 1403 1394 inveneri-

123 1463 204 1514 mus
232 1449 366 1516 aestate
394 1445 475 1516 anni
497 1447 596 1517 1875
627 1463 670 1516 ex
696 1444 769 1517 tab.
790 1443 860 1516 VII
886 1467 919 1516 n.
942 1449 964 1516 2
985 1453 1142 1536 apparet.
1172 1445 1404 1542 Integriopcm

124 1566 310 1639 invenerat
328 1565 479 1640 Gorssen
497 1588 587 1640 anne
610 1571 724 1642 1871.

179 1878 245 1962 44.
274 1884 315 1955 In
333 1903 437 1975 opere
456 1885 607 1957 tectorio
624 1885 710 1958 lecti
730 1839 924 1958 mortuarii'

673 2039 787 2186 klur.
810 2119 819 2143 .
842 2119 850 2144 .

178 2375 244 2460 45.
273 2382 315 2454 In
333 2382 423 2455 lecta
442 2383 565 2456 titulns
584 2383 700 2455 colore
720 2384 819 2474 nigro
839 2383 967 2473 pictus.

514 2543 518 2552 ’
661 2554 757 2638 min.
777 2575 817 2638 u.
838 2611 880 2635 ..

267 2669 294 2704 h

182 2733 278 2807 Haec
300 2735 367 2808 dno
388 2733 583 2826 fragmenta
601 2735 649 2826 (n.
670 2735 733 2808 41.
755 2737 820 2825 42)
839 2735 1002 2826 quoniam
1020 2731 1155 2806 frustm
1173 2734 1407 2825 quaesivimus

127 2858 162 2928 in
182 2859 309 2949 oppidu
327 2858 554 2932 11111111
575 2859 693 2950 Capta
706 2858 823 2930 Vetere
841 2864 974 2930 aestate
993 2859 1074 2929 anni
1098 2861 1169 2930 187
1176 2862 1210 2947 5,
1232 2857 1406 2931 credimus

128 2980 165 3054 id
193 2981 285 3072 quod
312 2983 412 3054 nobis
431 2987 547 3054 custus
566 2983 827 3073 Amphitheatri
848 2981 1015 3072 Campani
1042 2979 1241 3053 adfirmavit
1265 2989 1326 3052 aut
1344 3002 1405 3071 pe·

126 3105 230 3177 riisse
248 3126 289 3177 ea
307 3112 368 3177 aut
386 3107 421 3178 iu
441 3106 601 3196 sepulcro
620 3107 748 3178 iterum
768 3125 860 3177 nunc
879 3104 1003 3177 obruto
1022 3104 1213 3177 delituisse.

181 3414 245 3499 46.
273 3422 315 3492 ln
333 3421 401 3494 aliu
420 3423 575 3496 eiusdem
595 3443 755 3495 camerae
774 3422 864 3502 lecto

709 3619 762 3683 u.
784 3656 794 3682 0
815 3657 824 3683 ι

182 3795 359 3870 Tab.V11
388 3819 421 3870 n.
446 3803 479 3872 1.
503 3802 524 3870 2
553 3800 598 3871 ad
626 3807 897 3872 monumentum.
937 3798 1066 3872 Omnes
1092 3798 1215 3870 titulos
1242 3818 1405 3870 unacum

128 3922 380 3993 commentario
409 3928 445 3994 et
473 3922 585 4012 ampla
614 3923 766 4014 sepulcri
794 3923 1028 4014 descriptione
1056 3923 1167 3998 edidit
1195 3921 1327 3994 Iulius
1360 3921 1407 3994 de

128 4043 254 4116 Petra
273 4044 395 4118 Giurn.
416 4047 510 4118 scavi
535 4047 568 4118 di
587 4045 708 4137 Pomp.
729 4069 763 4119 n.
785 4068 813 4120 s.
834 4048 852 4120 I
871 4069 905 4138 p.
928 4049 1002 4122 235
1023 4066 1111 4138 squ,
1141 4045 1266 4116 deinde
1285 4043 1408 4116 titulus

128 4190 163 4240 n.
186 4171 247 4240 39.
279 4173 329 4242 40
358 4170 525 4242 tractavit
552 4168 731 4244 Corssen
759 4173 930 4243 Zeitschr.
961 4169 985 4242 1.
1015 4170 1123 4260 vergi.
1155 4165 1311 4258 Sprachi.
1340 4167 1408 4238 XX

128 4313 162 4381 p.
185 4294 234 4364 99
256 4312 343 4384 sqq„
368 4291 462 4364 idem
481 4299 550 4364 una
569 4315 646 4367 cum
667 4295 797 4367 ceteris
816 4293 1002 4366 secundum
1021 4292 1145 4365 Iulium
1166 4289 1209 4362 de
1223 4291 1332 4363 Petra
1350 4311 1408 4363 re-

128 4417 250 4505 petitis
278 4418 312 4486 in
331 4417 478 4506 Ephem.
499 4419 610 4508 epigr.
632 4417 668 4489 II
695 4438 729 4508 p.
755 4421 827 4489 159
858 4437 908 4507 sq.
939 4437 972 4488 n.
996 4419 1109 4488 2-6.
1140 4413 1183 4487 cf.
1214 4414 1407 4488 Fabretti

128 4539 237 4613 Prim.
258 4538 377 4631 Suppt.
397 4563 430 4612 n.
453 4543 676 4615 497—500.
