3446 5340
645 335 855 404 ..25-

112 542 230 616 babile
259 549 325 632 est,
354 543 446 633 qnod
474 543 556 614 olim
583 542 621 615 bi
648 543 717 616 viri
743 543 936 616 doctissimi
962 544 1261 635 interrogantibus
1288 546 1389 618 nobis

110 667 287 757 dixerunt,
316 673 483 758 punctum
511 687 619 757 snpra
636 670 668 740 ν
688 666 846 740 litteram
869 669 1032 758 positum,
1061 687 1128 757 qno
1147 675 1304 760 tempore
1326 689 1389 742 nos

108 797 372 862 monumentum
396 791 687 863 examinassemns
716 795 752 862 et
778 791 1080 881 expressissemnS,
1106 791 1174 862 iam
1195 794 1387 865 evanuisse.

108 913 167 986 De
185 912 252 986 boc
271 914 373 986 titulo
393 915 461 986 riri
480 914 575 987 docti
594 913 696 987 valde
714 914 938 986 dissentiunt:
954 905 1104 986 ‘miniels
1122 913 1304 988 katsillieis
1321 916 1387 986 mi-

106 1027 233 1109 natels'
264 1039 371 1111 trium
398 1038 554 1129 gentium
582 1038 747 1109 nobilium
768 1036 1021 1128 Campanorum
1040 1037 1178 1109 nomina
1197 1037 1386 1110 Minervini

106 1161 258 1251 putavit,
287 1161 394 1232 trium
419 1161 578 1234 virorum
606 1160 774 1233 nobilium
804 1159 1059 1251 Campanorum
1089 1159 1257 1252 Corssen,
1285 1163 1388 1234 unius

107 1285 177 1356 riri
205 1285 277 1358 tria
304 1285 442 1357 nomina
468 1284 670 1357 Buecheler.
697 1285 949 1359 Buechelerum
978 1287 1172 1376 sequimur,
1201 1285 1281 1376 quia
1306 1284 1388 1358 Osci

106 1409 335 1500 praenomine
354 1416 391 1481 et
409 1409 545 1480 nomine
564 1415 601 1480 et
619 1409 845 1501 qnod'rarins
872 1407 939 1482 fnit
962 1410 1167 1502 cognomine
1185 1408 1386 1482 utebantur.

106 1531 299 1605 Minervini
325 1533 418 1624 quod
445 1531 584 1605 nomina
609 1533 671 1604 illa
697 1554 780 1606 casn
808 1534 1020 1607 nominativo
1043 1532 1090 1624 pl.
1112 1534 1291 1608 enuntiata
1310 1554 1387 1606 esse

107 1657 249 1747 statuit,
276 1656 343 1730 hoo
371 1655 612 1730 declinationis
639 1677 740 1730 oseae
768 1658 934 1748 exemplis,
949 1656 1102 1748 probari
1115 1677 1183 1729 non
1200 1663 1331 1749 potest,
1351 1663 1388 1730 at

106 1781 273 1872 Flagium
292 1779 410 1854 lovem
429 1779 498 1852 dici
517 1779 784 1870 Fulguratorem
804 1789 902 1855 recte
919 1782 1013 1854 idem
1031 1779 1216 1852 intellexit.

160 2089 227 2178 85.
259 2099 386 2173 ..due
407 2094 607 2187 frammenti
633 2097 693 2170 obe
717 2097 949 2172 ultimumeute
975 2093 1079 2186 saroa
1108 2095 1158 2192 [in
1178 2096 1284 2170 inndo
1304 2097 1387 2170 Pu-

102 2222 223 2298 tureili
241 2219 309 2294 olle
330 2221 440 2315 Gauio]
468 2221 594 2293 trovoii
616 2220 658 2292 ed
681 2242 743 2293 ora
761 2243 842 2294 sono
860 2222 900 2294 ia
917 2219 1082 2294 Berlt'ooo:
1119 2221 1163 2316 1)
1181 2220 1273 2293 aella
1281 2227 1388 2332 purte

100 2347 281 2440 superiore
296 2367 346 2418 aa
358 2366 463 2438 porco
481 2342 604 2417 rivolto
623 2367 646 2416 a
663 2345 818 2437 sinistro,
837 2347 959 2419 dirotio
978 2401 1111 2418 .....
1133 2347 1215 2436 Ξ];
1235 2343 1271 2417 lu
1282 2351 1387 2436 poete

95 2471 288 2562 posteriore
305 2471 323 2542 ὲ
341 2469 458 2567 lisoiug
475 2470 519 2565 2)
537 2467 575 2540 uli
591 2490 695 2559 sopra
712 2473 748 2562 (o
766 2491 789 2542 a
806 2471 934 2561 dasiro,
954 2491 1045 2542 corae
1061 2469 1188 2560 ouolsi)
1205 2474 1257 2542 tre
1274 2467 1385 2542 docti

99 2593 224 2688 ra‘poufi
240 2593 298 2666 uel
314 2614 438 2684 umaro,
465 2591 673 2682 romulam
699 2615 722 2664 u
743 2593 850 2686 piolti
866 2593 1056 2684 roumoiati,
1081 2613 1200 2684 presso
1227 2594 1264 2666 oi
1290 2591 1386 2686 quoii
1534 2689 1537 2698 Ι

98 2725 153 2792 tre
170 2717 315 2822 lioee'da'
332 2719 393 2789 ua'
412 2717 592 2790 buiaiooe
609 2716 773 2789 doemon
791 2717 1002 2792 oomiuoioao
1019 2716 1058 2788 iu
1076 2722 1190 2809 praesto
1207 2717 1305 2790 nudo

693 2873 775 2950 919

724 3001 750 3078 8

695 3099 815 3178 mil

98 3265 135 3336 lo
148 3269 253 3354 porte
265 3264 455 3354 posteriore
472 3265 490 3335 ὲ
507 3263 607 3336 lisoio
625 3264 690 3336 Fr.
711 3265 758 3336 de
778 3264 898 3337 Dnbn
917 3265 953 3334 in
972 3263 1062 3335 Bull.
1084 3260 1164 3335 dell’
1181 3263 1267 3336 Inst.
1284 3265 1381 3338 areb.

102 3392 205 3462 raro
225 3409 259 3480 p.
285 3392 371 3462 aaa.

152 3676 222 3769 36.
265 3687 449 3761 Lammina
480 3685 597 3759 fictilis
627 3685 741 3761 fracta
772 3689 807 3758 in
840 3689 949 3760 stelae
982 3689 1131 3781 speeiem
1164 3685 1314 3778 figurata
1345 3689 1381 3759 in

98 3819 247 3902 utraque
265 3817 367 3903 parte
385 3812 565 3902 inscripta,
595 3831 683 3900 qnae
711 3813 746 3882 in
774 3811 885 3883 altera
904 3817 1085 3902 protomen
1104 3812 1261 3884 mulieris
1280 3809 1382 3901 galea

96 3934 254 4025 indutae,
269 3936 306 4006 in
321 3935 432 4007 alteru
445 3935 543 4025 porci
557 3935 794 4007 sinistrorsum
815 3936 989 4006 currentis
1004 3943 1243 4007 ornamentum
1259 3933 1379 4023 babet,

94 4079 186 4132 anno
209 4061 309 4133 1853
330 4059 365 4130 in
384 4079 468 4150 agro
487 4058 624 4150 Capeno
652 4061 804 4148 inventa,
824 4079 915 4131 nuno
938 4059 974 4129 in
998 4078 1116 4130 museo
1135 4057 1377 4150 Neapolitano.

101 4183 173 4256 alta
191 4204 237 4255 m.
258 4185 389 4273 0,140.
409 4183 511 4274 longa
530 4204 576 4256 m.
599 4186 728 4274 o,530.
749 4183 888 4255 litterae
908 4181 1001 4254 altae
1018 4203 1065 4254 m.
1086 4184 1216 4274 0‚015.

579 4385 612 4434 a.
668 4356 808 4441 klura.
829 4415 869 4441 ..

666 4479 792 4565 uiuri.
814 4539 823 4563 .
845 4539 854 4563 .

673 4603 805 4688 lama.
825 4660 835 4686 .
856 4661 866 4686 .
