<?xml version="1.0" encoding="UTF-8"?>
<!DOCTYPE html PUBLIC "-//W3C//DTD XHTML 1.0 Transitional//EN"
    "http://www.w3.org/TR/xhtml1/DTD/xhtml1-transitional.dtd">
<html xmlns="http://www.w3.org/1999/xhtml" xml:lang="en" lang="en">
 <head>
  <title>
</title>
<meta http-equiv="Content-Type" content="text/html;charset=utf-8" />
  <meta name='ocr-system' content='tesseract 3.04.00' />
  <meta name='ocr-capabilities' content='ocr_page ocr_carea ocr_par ocr_line ocrx_word'/>
</head>
<body>
  <div class='ocr_page' id='page_1' title='image "./syllogeinscript00unkngoog_0093.png"; bbox 0 0 3398 5360; ppageno 0'>
   <div class='ocr_carea' id='block_1_1' title="bbox 701 308 1030 415">
    <p class='ocr_par' dir='ltr' id='par_1_1' title="bbox 701 308 1030 415">
     <span class='ocr_line' id='line_1_1' title="bbox 701 308 1030 415; baseline -0.003 0"><span class='ocrx_word' id='word_1_1' title='bbox 701 308 705 316; x_wconf 74' lang='grc'><strong>“</strong></span> <span class='ocrx_word' id='word_1_2' title='bbox 822 343 1030 415; x_wconf 79' lang='grc' dir='ltr'><strong>-ιο-</strong></span> 
     </span>
    </p>
   </div>
   <div class='ocr_carea' id='block_1_2' title="bbox 723 543 1130 650">
    <p class='ocr_par' dir='ltr' id='par_1_2' title="bbox 723 543 1130 650">
     <span class='ocr_line' id='line_1_2' title="bbox 723 543 1130 650; baseline -0.007 -18"><span class='ocrx_word' id='word_1_3' title='bbox 723 555 820 650; x_wconf 86' lang='lat' dir='ltr'>apd</span> <span class='ocrx_word' id='word_1_4' title='bbox 847 607 883 630; x_wconf 50' lang='grc' dir='ltr'>η</span> <span class='ocrx_word' id='word_1_5' title='bbox 910 543 1130 631; x_wconf 70' lang='lat' dir='ltr'>a..rnPs</span> 
     </span>
    </p>
   </div>
   <div class='ocr_carea' id='block_1_3' title="bbox 288 727 1574 1296">
    <p class='ocr_par' dir='ltr' id='par_1_3' title="bbox 288 727 1574 1296">
     <span class='ocr_line' id='line_1_3' title="bbox 341 727 1574 804; baseline -0.004 0"><span class='ocrx_word' id='word_1_6' title='bbox 341 729 421 804; x_wconf 85' lang='lat' dir='ltr'>Non</span> <span class='ocrx_word' id='word_1_7' title='bbox 439 731 643 804; x_wconf 82' lang='lat' dir='ltr'>invenimus.</span> <span class='ocrx_word' id='word_1_8' title='bbox 664 730 751 803; x_wconf 81' lang='lat' dir='ltr'>Tab.</span> <span class='ocrx_word' id='word_1_9' title='bbox 763 729 909 804; x_wconf 90' lang='lat' dir='ltr'>XVIIn.</span> <span class='ocrx_word' id='word_1_10' title='bbox 923 734 971 803; x_wconf 89' lang='grc'>28</span> <span class='ocrx_word' id='word_1_11' title='bbox 986 729 1176 802; x_wconf 84' lang='lat' dir='ltr'>secandum</span> <span class='ocrx_word' id='word_1_12' title='bbox 1196 727 1389 802; x_wconf 85' lang='lat' dir='ltr'>Fiorellii</span> <span class='ocrx_word' id='word_1_13' title='bbox 1408 727 1574 801; x_wconf 83' lang='lat' dir='ltr'>Monam.</span> 
     </span>
     <span class='ocr_line' id='line_1_4' title="bbox 288 843 1573 945; baseline -0.002 -18"><span class='ocrx_word' id='word_1_14' title='bbox 288 855 400 945; x_wconf 84' lang='lat' dir='ltr'>epigr.</span> <span class='ocrx_word' id='word_1_15' title='bbox 419 855 539 944; x_wconf 86' lang='lat' dir='ltr'><strong>Pomp.</strong></span> <span class='ocrx_word' id='word_1_16' title='bbox 558 854 576 925; x_wconf 92' lang='grc' dir='ltr'>Ι</span> <span class='ocrx_word' id='word_1_17' title='bbox 595 854 667 926; x_wconf 91' lang='lat' dir='ltr'>tab.</span> <span class='ocrx_word' id='word_1_18' title='bbox 687 853 721 924; x_wconf 87' lang='lat' dir='ltr'>X</span> <span class='ocrx_word' id='word_1_19' title='bbox 739 875 772 925; x_wconf 94' lang='lat' dir='ltr'>n.</span> <span class='ocrx_word' id='word_1_20' title='bbox 796 855 830 926; x_wconf 87' lang='lat'>7.</span> <span class='ocrx_word' id='word_1_21' title='bbox 860 853 982 926; x_wconf 84' lang='lat' dir='ltr'>Edidit</span> <span class='ocrx_word' id='word_1_22' title='bbox 1010 851 1213 928; x_wconf 84' lang='lat' dir='ltr'>Garruoci</span> <span class='ocrx_word' id='word_1_23' title='bbox 1241 844 1298 924; x_wconf 79' lang='grc' dir='ltr'><strong>Ἃ.</strong></span> <span class='ocrx_word' id='word_1_24' title='bbox 1320 843 1498 924; x_wconf 81' lang='lat' dir='ltr'>PdIIrrivs‘</span> <span class='ocrx_word' id='word_1_25' title='bbox 1532 854 1573 924; x_wconf 93' lang='lat' dir='ltr'>in</span> 
     </span>
     <span class='ocr_line' id='line_1_5' title="bbox 288 966 1572 1068; baseline -0.004 -16"><span class='ocrx_word' id='word_1_26' title='bbox 288 979 435 1052; x_wconf 83' lang='lat' dir='ltr'>Memor.</span> <span class='ocrx_word' id='word_1_27' title='bbox 456 977 537 1048; x_wconf 88' lang='lat' dir='ltr'>dell’</span> <span class='ocrx_word' id='word_1_28' title='bbox 557 977 642 1053; x_wconf 85' lang='lat' dir='ltr'>Aoo.</span> <span class='ocrx_word' id='word_1_29' title='bbox 663 976 780 1048; x_wconf 89' lang='lat' dir='ltr'>Erool.</span> <span class='ocrx_word' id='word_1_30' title='bbox 802 976 873 1048; x_wconf 92' lang='lat' dir='ltr'>VII</span> <span class='ocrx_word' id='word_1_31' title='bbox 892 997 970 1068; x_wconf 93' lang='lat' dir='ltr'>app.</span> <span class='ocrx_word' id='word_1_32' title='bbox 994 997 1027 1066; x_wconf 94' lang='lat' dir='ltr'>p.</span> <span class='ocrx_word' id='word_1_33' title='bbox 1048 981 1096 1048; x_wconf 87' lang='lat'>24</span> <span class='ocrx_word' id='word_1_34' title='bbox 1117 985 1152 1048; x_wconf 88' lang='lat' dir='ltr'>et</span> <span class='ocrx_word' id='word_1_35' title='bbox 1165 967 1225 1047; x_wconf 81' lang='grc' dir='ltr'><strong>Ἀ.</strong></span> <span class='ocrx_word' id='word_1_36' title='bbox 1245 966 1423 1048; x_wconf 88' lang='lat' dir='ltr'>Pulkrius&#39;</span> <span class='ocrx_word' id='word_1_37' title='bbox 1450 978 1486 1048; x_wconf 93' lang='lat' dir='ltr'>in</span> <span class='ocrx_word' id='word_1_38' title='bbox 1505 976 1572 1048; x_wconf 92' lang='lat' dir='ltr'>In·</span> 
     </span>
     <span class='ocr_line' id='line_1_6' title="bbox 288 1097 1571 1192; baseline -0.001 -18"><span class='ocrx_word' id='word_1_39' title='bbox 288 1101 473 1192; x_wconf 82' lang='lat' dir='ltr'>scriptione</span> <span class='ocrx_word' id='word_1_40' title='bbox 490 1101 637 1190; x_wconf 75' lang='lat' dir='ltr'>gravoes</span> <span class='ocrx_word' id='word_1_41' title='bbox 654 1106 720 1172; x_wconf 86' lang='lat' dir='ltr'>eto.</span> <span class='ocrx_word' id='word_1_42' title='bbox 741 1121 774 1192; x_wconf 87' lang='lat' dir='ltr'>p.</span> <span class='ocrx_word' id='word_1_43' title='bbox 790 1103 839 1174; x_wconf 85' lang='lat'>54</span> <span class='ocrx_word' id='word_1_44' title='bbox 858 1101 931 1174; x_wconf 87' lang='lat' dir='ltr'>tab.</span> <span class='ocrx_word' id='word_1_45' title='bbox 952 1099 1071 1172; x_wconf 83' lang='lat' dir='ltr'>XXVI</span> <span class='ocrx_word' id='word_1_46' title='bbox 1089 1121 1123 1172; x_wconf 92' lang='lat' dir='ltr'>n.</span> <span class='ocrx_word' id='word_1_47' title='bbox 1137 1104 1172 1173; x_wconf 85' lang='lat'>5.</span> <span class='ocrx_word' id='word_1_48' title='bbox 1193 1097 1236 1173; x_wconf 80' lang='lat' dir='ltr'>ef.</span> <span class='ocrx_word' id='word_1_49' title='bbox 1258 1099 1450 1172; x_wconf 87' lang='lat' dir='ltr'>Fabretti</span> <span class='ocrx_word' id='word_1_50' title='bbox 1470 1099 1513 1173; x_wconf 87' lang='lat' dir='ltr'>G.</span> <span class='ocrx_word' id='word_1_51' title='bbox 1537 1102 1571 1174; x_wconf 93' lang='lat'>1.</span> 
     </span>
     <span class='ocr_line' id='line_1_7' title="bbox 291 1221 703 1296; baseline -0.005 0"><span class='ocrx_word' id='word_1_52' title='bbox 291 1225 336 1296; x_wconf 89' lang='lat' dir='ltr'>It.</span> <span class='ocrx_word' id='word_1_53' title='bbox 357 1244 391 1296; x_wconf 92' lang='lat' dir='ltr'>n.</span> <span class='ocrx_word' id='word_1_54' title='bbox 415 1225 516 1296; x_wconf 88' lang='grc'><strong>2810</strong></span> <span class='ocrx_word' id='word_1_55' title='bbox 535 1224 607 1296; x_wconf 85' lang='lat' dir='ltr'>tab.</span> <span class='ocrx_word' id='word_1_56' title='bbox 628 1221 703 1295; x_wconf 87' lang='lat' dir='ltr'>LII.</span> 
     </span>
    </p>
   </div>
   <div class='ocr_carea' id='block_1_4' title="bbox 292 1527 1577 1884">
    <p class='ocr_par' dir='ltr' id='par_1_4' title="bbox 292 1527 1577 1884">
     <span class='ocr_line' id='line_1_8' title="bbox 344 1527 1577 1630; baseline -0.006 -14"><span class='ocrx_word' id='word_1_57' title='bbox 344 1527 434 1616; x_wconf 77' lang='lat' dir='ltr'>lto.</span> <span class='ocrx_word' id='word_1_58' title='bbox 472 1538 511 1610; x_wconf 95' lang='lat' dir='ltr'>In</span> <span class='ocrx_word' id='word_1_59' title='bbox 547 1540 681 1630; x_wconf 85' lang='lat' dir='ltr'>pariete</span> <span class='ocrx_word' id='word_1_60' title='bbox 718 1538 839 1611; x_wconf 89' lang='lat' dir='ltr'>domus</span> <span class='ocrx_word' id='word_1_61' title='bbox 875 1539 1104 1630; x_wconf 74' lang='lat' dir='ltr'>Pompeianae</span> <span class='ocrx_word' id='word_1_62' title='bbox 1142 1537 1319 1611; x_wconf 86' lang='lat' dir='ltr'>cuiusdam</span> <span class='ocrx_word' id='word_1_63' title='bbox 1355 1539 1577 1615; x_wconf 80' lang='lat' dir='ltr'>Garrnequs</span> 
     </span>
     <span class='ocr_line' id='line_1_9' title="bbox 292 1661 479 1753; baseline 0 -19"><span class='ocrx_word' id='word_1_64' title='bbox 292 1661 375 1734; x_wconf 74' lang='lat' dir='ltr'>oram</span> <span class='ocrx_word' id='word_1_65' title='bbox 393 1662 479 1753; x_wconf 81' lang='lat' dir='ltr'>legit</span> 
     </span>
     <span class='ocr_line' id='line_1_10' title="bbox 748 1776 1095 1884; baseline -0.003 -21"><span class='ocrx_word' id='word_1_66' title='bbox 748 1785 853 1863; x_wconf 88' lang='lat' dir='ltr'>ni..</span> <span class='ocrx_word' id='word_1_67' title='bbox 879 1776 1095 1884; x_wconf 76' lang='lat' dir='ltr'>phud...?</span> 
     </span>
    </p>
   </div>
   <div class='ocr_carea' id='block_1_5' title="bbox 293 1973 1577 2194">
    <p class='ocr_par' dir='ltr' id='par_1_5' title="bbox 293 1973 1577 2194">
     <span class='ocr_line' id='line_1_11' title="bbox 346 1973 1575 2068; baseline 0.002 -21"><span class='ocrx_word' id='word_1_68' title='bbox 346 1975 439 2048; x_wconf 86' lang='lat' dir='ltr'>Vide</span> <span class='ocrx_word' id='word_1_69' title='bbox 457 1976 527 2048; x_wconf 87' lang='lat' dir='ltr'>tab.</span> <span class='ocrx_word' id='word_1_70' title='bbox 539 1975 646 2049; x_wconf 90' lang='lat' dir='ltr'>XVII</span> <span class='ocrx_word' id='word_1_71' title='bbox 656 1999 690 2049; x_wconf 91' lang='lat' dir='ltr'>n.</span> <span class='ocrx_word' id='word_1_72' title='bbox 703 1979 764 2066; x_wconf 89' lang='grc'>29,</span> <span class='ocrx_word' id='word_1_73' title='bbox 784 1973 983 2049; x_wconf 86' lang='lat' dir='ltr'>Garrucoi</span> <span class='ocrx_word' id='word_1_74' title='bbox 1004 1975 1226 2066; x_wconf 88' lang='lat' dir='ltr'>Inscriptions</span> <span class='ocrx_word' id='word_1_75' title='bbox 1237 1978 1383 2066; x_wconf 77' lang='lat' dir='ltr'>grandes</span> <span class='ocrx_word' id='word_1_76' title='bbox 1394 1987 1460 2050; x_wconf 87' lang='lat' dir='ltr'>ete.</span> <span class='ocrx_word' id='word_1_77' title='bbox 1471 1999 1507 2068; x_wconf 94' lang='lat' dir='ltr'>p.</span> <span class='ocrx_word' id='word_1_78' title='bbox 1522 1985 1575 2052; x_wconf 83' lang='lat'>54</span> 
     </span>
     <span class='ocr_line' id='line_1_12' title="bbox 293 2099 1577 2194; baseline 0.007 -22"><span class='ocrx_word' id='word_1_79' title='bbox 293 2100 364 2172; x_wconf 88' lang='lat' dir='ltr'>tab.</span> <span class='ocrx_word' id='word_1_80' title='bbox 385 2099 516 2173; x_wconf 83' lang='lat' dir='ltr'><strong>XXVI.</strong></span> <span class='ocrx_word' id='word_1_81' title='bbox 555 2101 628 2172; x_wconf 91' lang='lat' dir='ltr'>Iam</span> <span class='ocrx_word' id='word_1_82' title='bbox 648 2100 819 2173; x_wconf 85' lang='lat' dir='ltr'>Fiorelti</span> <span class='ocrx_word' id='word_1_83' title='bbox 838 2100 998 2188; x_wconf 86' lang='lat' dir='ltr'>nescivit,</span> <span class='ocrx_word' id='word_1_84' title='bbox 1022 2100 1081 2171; x_wconf 88' lang='lat' dir='ltr'>ubi</span> <span class='ocrx_word' id='word_1_85' title='bbox 1101 2107 1217 2172; x_wconf 89' lang='lat' dir='ltr'>essent</span> <span class='ocrx_word' id='word_1_86' title='bbox 1235 2103 1300 2173; x_wconf 89' lang='lat' dir='ltr'>hae</span> <span class='ocrx_word' id='word_1_87' title='bbox 1319 2111 1354 2174; x_wconf 90' lang='lat' dir='ltr'>et</span> <span class='ocrx_word' id='word_1_88' title='bbox 1374 2101 1462 2176; x_wconf 82' lang='lat' dir='ltr'>duae</span> <span class='ocrx_word' id='word_1_89' title='bbox 1480 2123 1577 2194; x_wconf 83' lang='lat' dir='ltr'>quae</span> 
     </span>
    </p>
   </div>
   <div class='ocr_carea' id='block_1_6' title="bbox 293 2223 1574 2435">
    <p class='ocr_par' dir='ltr' id='par_1_6' title="bbox 293 2223 1574 2435">
     <span class='ocr_line' id='line_1_13' title="bbox 293 2223 1574 2317; baseline 0.001 -20"><span class='ocrx_word' id='word_1_90' title='bbox 293 2229 485 2315; x_wconf 88' lang='lat' dir='ltr'>sequuntur</span> <span class='ocrx_word' id='word_1_91' title='bbox 507 2225 752 2315; x_wconf 84' lang='lat' dir='ltr'>inscriptiones</span> <span class='ocrx_word' id='word_1_92' title='bbox 771 2225 924 2297; x_wconf 84' lang='lat' dir='ltr'>Modum.</span> <span class='ocrx_word' id='word_1_93' title='bbox 946 2223 1055 2314; x_wconf 84' lang='lat' dir='ltr'>epigr.</span> <span class='ocrx_word' id='word_1_94' title='bbox 1076 2223 1196 2315; x_wconf 91' lang='lat' dir='ltr'>Pomp.</span> <span class='ocrx_word' id='word_1_95' title='bbox 1217 2224 1244 2297; x_wconf 95' lang='lat' dir='ltr'>I.</span> <span class='ocrx_word' id='word_1_96' title='bbox 1266 2248 1299 2317; x_wconf 95' lang='lat' dir='ltr'>p.</span> <span class='ocrx_word' id='word_1_97' title='bbox 1326 2229 1372 2297; x_wconf 86' lang='lat'>12</span> <span class='ocrx_word' id='word_1_98' title='bbox 1391 2227 1463 2299; x_wconf 87' lang='lat' dir='ltr'>tab.</span> <span class='ocrx_word' id='word_1_99' title='bbox 1476 2227 1513 2300; x_wconf 92' lang='lat' dir='ltr'>X</span> <span class='ocrx_word' id='word_1_100' title='bbox 1537 2250 1574 2299; x_wconf 93' lang='lat' dir='ltr'>n.</span> 
     </span>
     <span class='ocr_line' id='line_1_14' title="bbox 301 2344 1209 2435; baseline 0.001 -16"><span class='ocrx_word' id='word_1_101' title='bbox 301 2351 347 2420; x_wconf 90' lang='lat'>13</span> <span class='ocrx_word' id='word_1_102' title='bbox 357 2344 384 2435; x_wconf 76' lang='lat' dir='ltr'>s.</span> <span class='ocrx_word' id='word_1_103' title='bbox 407 2345 452 2420; x_wconf 83' lang='lat' dir='ltr'>of.</span> <span class='ocrx_word' id='word_1_104' title='bbox 473 2347 667 2420; x_wconf 86' lang='lat' dir='ltr'>Fabretti</span> <span class='ocrx_word' id='word_1_105' title='bbox 686 2347 725 2420; x_wconf 84' lang='grc' dir='ltr'><strong>Ο.</strong></span> <span class='ocrx_word' id='word_1_106' title='bbox 747 2347 775 2418; x_wconf 92' lang='grc' dir='ltr'>Ι.</span> <span class='ocrx_word' id='word_1_107' title='bbox 795 2348 842 2422; x_wconf 84' lang='grc'>11.</span> <span class='ocrx_word' id='word_1_108' title='bbox 861 2369 895 2419; x_wconf 95' lang='lat' dir='ltr'>n.</span> <span class='ocrx_word' id='word_1_109' title='bbox 917 2351 1018 2422; x_wconf 91' lang='grc'><strong>2812</strong></span> <span class='ocrx_word' id='word_1_110' title='bbox 1039 2347 1112 2420; x_wconf 88' lang='lat' dir='ltr'>tab.</span> <span class='ocrx_word' id='word_1_111' title='bbox 1131 2347 1209 2420; x_wconf 93' lang='lat' dir='ltr'>LII.</span> 
     </span>
    </p>
   </div>
   <div class='ocr_carea' id='block_1_7' title="bbox 349 2577 1048 2652">
    <p class='ocr_par' dir='ltr' id='par_1_7' title="bbox 349 2577 1048 2652">
     <span class='ocr_line' id='line_1_15' title="bbox 349 2577 1048 2652; baseline 0.003 -4"><span class='ocrx_word' id='word_1_112' title='bbox 349 2577 476 2649; x_wconf 83' lang='lat' dir='ltr'>Forma</span> <span class='ocrx_word' id='word_1_113' title='bbox 496 2577 521 2647; x_wconf 75' lang='lat' dir='ltr'>d</span> <span class='ocrx_word' id='word_1_114' title='bbox 540 2577 680 2652; x_wconf 85' lang='lat' dir='ltr'>litterae</span> <span class='ocrx_word' id='word_1_115' title='bbox 699 2597 769 2649; x_wconf 93' lang='lat' dir='ltr'>non</span> <span class='ocrx_word' id='word_1_116' title='bbox 788 2587 841 2650; x_wconf 83' lang='lat' dir='ltr'>est</span> <span class='ocrx_word' id='word_1_117' title='bbox 860 2577 1048 2652; x_wconf 88' lang='lat' dir='ltr'>ordinaria.</span> 
     </span>
    </p>
   </div>
   <div class='ocr_carea' id='block_1_8' title="bbox 296 2880 1577 3108">
    <p class='ocr_par' dir='ltr' id='par_1_8' title="bbox 296 2880 1577 3108">
     <span class='ocr_line' id='line_1_16' title="bbox 348 2880 1577 2988; baseline 0.002 -18"><span class='ocrx_word' id='word_1_118' title='bbox 348 2880 437 2973; x_wconf 68' lang='lat'>127.</span> <span class='ocrx_word' id='word_1_119' title='bbox 475 2891 515 2963; x_wconf 92' lang='lat' dir='ltr'>In</span> <span class='ocrx_word' id='word_1_120' title='bbox 560 2894 692 2983; x_wconf 89' lang='lat' dir='ltr'>pariete</span> <span class='ocrx_word' id='word_1_121' title='bbox 716 2893 862 2967; x_wconf 87' lang='lat' dir='ltr'>domus</span> <span class='ocrx_word' id='word_1_122' title='bbox 907 2893 1137 2988; x_wconf 80' lang='lat' dir='ltr'>Pompeianae</span> <span class='ocrx_word' id='word_1_123' title='bbox 1183 2895 1360 2968; x_wconf 85' lang='lat' dir='ltr'>cuiusdam</span> <span class='ocrx_word' id='word_1_124' title='bbox 1400 2895 1577 2972; x_wconf 86' lang='lat' dir='ltr'>Garrueci</span> 
     </span>
     <span class='ocr_line' id='line_1_17' title="bbox 296 3017 485 3108; baseline 0 -19"><span class='ocrx_word' id='word_1_125' title='bbox 296 3017 380 3089; x_wconf 81' lang='lat' dir='ltr'>oIIm</span> <span class='ocrx_word' id='word_1_126' title='bbox 398 3017 485 3108; x_wconf 89' lang='lat' dir='ltr'>legit</span> 
     </span>
    </p>
   </div>
   <div class='ocr_carea' id='block_1_9' title="bbox 811 3133 1054 3220">
    <p class='ocr_par' dir='ltr' id='par_1_9' title="bbox 811 3133 1054 3220">
     <span class='ocr_line' id='line_1_18' title="bbox 811 3133 1054 3220; baseline -0.008 0"><span class='ocrx_word' id='word_1_127' title='bbox 811 3133 1054 3220; x_wconf 79' lang='lat' dir='ltr'>abnk..dn?</span> 
     </span>
    </p>
   </div>
   <div class='ocr_carea' id='block_1_10' title="bbox 296 3333 1577 3798">
    <p class='ocr_par' dir='ltr' id='par_1_10' title="bbox 296 3333 1577 3798">
     <span class='ocr_line' id='line_1_19' title="bbox 350 3333 1575 3431; baseline 0.005 -25"><span class='ocrx_word' id='word_1_128' title='bbox 350 3334 435 3406; x_wconf 90' lang='lat' dir='ltr'>Tab.</span> <span class='ocrx_word' id='word_1_129' title='bbox 456 3333 561 3406; x_wconf 91' lang='lat' dir='ltr'>XVII</span> <span class='ocrx_word' id='word_1_130' title='bbox 580 3355 614 3407; x_wconf 89' lang='lat' dir='ltr'>n.</span> <span class='ocrx_word' id='word_1_131' title='bbox 637 3337 685 3407; x_wconf 87' lang='lat'>30</span> <span class='ocrx_word' id='word_1_132' title='bbox 706 3356 749 3408; x_wconf 86' lang='lat' dir='ltr'>ex</span> <span class='ocrx_word' id='word_1_133' title='bbox 768 3333 995 3409; x_wconf 84' lang='lat' dir='ltr'>Garruooii·</span> <span class='ocrx_word' id='word_1_134' title='bbox 1017 3336 1244 3426; x_wconf 82' lang='lat' dir='ltr'>InscriptIons</span> <span class='ocrx_word' id='word_1_135' title='bbox 1275 3338 1421 3428; x_wconf 81' lang='lat' dir='ltr'>graveas</span> <span class='ocrx_word' id='word_1_136' title='bbox 1450 3345 1518 3412; x_wconf 88' lang='lat' dir='ltr'>eto.</span> <span class='ocrx_word' id='word_1_137' title='bbox 1538 3361 1575 3431; x_wconf 93' lang='lat' dir='ltr'>p.</span> 
     </span>
     <span class='ocr_line' id='line_1_20' title="bbox 300 3456 1577 3554; baseline 0.004 -23"><span class='ocrx_word' id='word_1_138' title='bbox 300 3463 349 3531; x_wconf 85' lang='lat'>54</span> <span class='ocrx_word' id='word_1_139' title='bbox 369 3458 442 3530; x_wconf 88' lang='lat' dir='ltr'>tab.</span> <span class='ocrx_word' id='word_1_140' title='bbox 457 3456 577 3529; x_wconf 89' lang='lat' dir='ltr'>XXVI</span> <span class='ocrx_word' id='word_1_141' title='bbox 587 3480 621 3530; x_wconf 92' lang='lat' dir='ltr'>n.</span> <span class='ocrx_word' id='word_1_142' title='bbox 636 3461 671 3550; x_wconf 88' lang='lat'>3,</span> <span class='ocrx_word' id='word_1_143' title='bbox 691 3480 794 3550; x_wconf 91' lang='lat' dir='ltr'>quam</span> <span class='ocrx_word' id='word_1_144' title='bbox 805 3460 1065 3550; x_wconf 87' lang='lat' dir='ltr'>inscriptionem</span> <span class='ocrx_word' id='word_1_145' title='bbox 1075 3461 1218 3552; x_wconf 88' lang='lat' dir='ltr'>periisse</span> <span class='ocrx_word' id='word_1_146' title='bbox 1227 3463 1295 3532; x_wconf 89' lang='lat' dir='ltr'>iam</span> <span class='ocrx_word' id='word_1_147' title='bbox 1315 3461 1491 3534; x_wconf 83' lang='lat' dir='ltr'>Fiorelli</span> <span class='ocrx_word' id='word_1_148' title='bbox 1510 3484 1577 3554; x_wconf 89' lang='lat' dir='ltr'>pn·</span> 
     </span>
     <span class='ocr_line' id='line_1_21' title="bbox 296 3581 1576 3676; baseline 0.004 -23"><span class='ocrx_word' id='word_1_149' title='bbox 296 3582 386 3654; x_wconf 84' lang='lat' dir='ltr'>tavit</span> <span class='ocrx_word' id='word_1_150' title='bbox 406 3581 561 3654; x_wconf 85' lang='lat' dir='ltr'>Manum.</span> <span class='ocrx_word' id='word_1_151' title='bbox 583 3583 693 3674; x_wconf 86' lang='lat' dir='ltr'>epigr.</span> <span class='ocrx_word' id='word_1_152' title='bbox 715 3582 837 3674; x_wconf 91' lang='lat' dir='ltr'>Pomp.</span> <span class='ocrx_word' id='word_1_153' title='bbox 858 3584 884 3655; x_wconf 92' lang='lat' dir='ltr'>I.</span> <span class='ocrx_word' id='word_1_154' title='bbox 908 3605 940 3676; x_wconf 90' lang='lat' dir='ltr'>p.</span> <span class='ocrx_word' id='word_1_155' title='bbox 968 3588 1013 3657; x_wconf 89' lang='grc'>12</span> <span class='ocrx_word' id='word_1_156' title='bbox 1039 3583 1204 3657; x_wconf 91' lang='lat' dir='ltr'>tab.Xn.</span> <span class='ocrx_word' id='word_1_157' title='bbox 1222 3587 1266 3656; x_wconf 87' lang='lat'>13</span> <span class='ocrx_word' id='word_1_158' title='bbox 1280 3607 1308 3656; x_wconf 90' lang='lat' dir='ltr'>e.</span> <span class='ocrx_word' id='word_1_159' title='bbox 1326 3583 1576 3660; x_wconf 75' lang='lat' dir='ltr'>cIFabretti</span> 
     </span>
     <span class='ocr_line' id='line_1_22' title="bbox 299 3703 1492 3798; baseline 0.002 -20"><span class='ocrx_word' id='word_1_160' title='bbox 299 3703 337 3778; x_wconf 84' lang='lat' dir='ltr'>C.</span> <span class='ocrx_word' id='word_1_161' title='bbox 360 3705 388 3776; x_wconf 92' lang='lat' dir='ltr'>I.</span> <span class='ocrx_word' id='word_1_162' title='bbox 408 3705 451 3778; x_wconf 90' lang='lat' dir='ltr'>It.</span> <span class='ocrx_word' id='word_1_163' title='bbox 472 3725 505 3776; x_wconf 94' lang='lat' dir='ltr'>n.</span> <span class='ocrx_word' id='word_1_164' title='bbox 528 3707 643 3794; x_wconf 84' lang='grc'><strong>2818,</strong></span> <span class='ocrx_word' id='word_1_165' title='bbox 664 3703 839 3778; x_wconf 85' lang='lat' dir='ltr'>Gorssen</span> <span class='ocrx_word' id='word_1_166' title='bbox 859 3707 1005 3796; x_wconf 78' lang='lat' dir='ltr'>Ephem.</span> <span class='ocrx_word' id='word_1_167' title='bbox 1025 3708 1137 3797; x_wconf 85' lang='lat' dir='ltr'>epigr.</span> <span class='ocrx_word' id='word_1_168' title='bbox 1157 3707 1192 3778; x_wconf 94' lang='lat' dir='ltr'>II</span> <span class='ocrx_word' id='word_1_169' title='bbox 1220 3728 1253 3798; x_wconf 92' lang='lat' dir='ltr'>p.</span> <span class='ocrx_word' id='word_1_170' title='bbox 1280 3709 1352 3780; x_wconf 89' lang='lat'>176</span> <span class='ocrx_word' id='word_1_171' title='bbox 1373 3729 1407 3780; x_wconf 90' lang='grc' dir='ltr'>ιι.</span> <span class='ocrx_word' id='word_1_172' title='bbox 1429 3711 1492 3781; x_wconf 87' lang='grc'>44.</span> 
     </span>
    </p>
   </div>
   <div class='ocr_carea' id='block_1_11' title="bbox 298 4029 1576 4384">
    <p class='ocr_par' dir='ltr' id='par_1_11' title="bbox 298 4029 1576 4384">
     <span class='ocr_line' id='line_1_23' title="bbox 350 4029 1576 4134; baseline 0.001 -16"><span class='ocrx_word' id='word_1_173' title='bbox 350 4029 442 4120; x_wconf 68' lang='lat'>128.</span> <span class='ocrx_word' id='word_1_174' title='bbox 482 4041 521 4114; x_wconf 93' lang='lat' dir='ltr'>In</span> <span class='ocrx_word' id='word_1_175' title='bbox 567 4043 700 4133; x_wconf 91' lang='lat' dir='ltr'>pariete</span> <span class='ocrx_word' id='word_1_176' title='bbox 746 4041 868 4113; x_wconf 91' lang='lat' dir='ltr'>domus</span> <span class='ocrx_word' id='word_1_177' title='bbox 913 4042 1092 4114; x_wconf 86' lang='lat' dir='ltr'>cuiusdam</span> <span class='ocrx_word' id='word_1_178' title='bbox 1138 4039 1370 4134; x_wconf 85' lang='lat' dir='ltr'>Pompeianae</span> <span class='ocrx_word' id='word_1_179' title='bbox 1407 4042 1576 4119; x_wconf 75' lang='lat' dir='ltr'>amuco</span> 
     </span>
     <span class='ocr_line' id='line_1_24' title="bbox 298 4165 486 4256; baseline 0 -18"><span class='ocrx_word' id='word_1_180' title='bbox 298 4165 381 4238; x_wconf 93' lang='lat' dir='ltr'>olim</span> <span class='ocrx_word' id='word_1_181' title='bbox 399 4165 486 4256; x_wconf 86' lang='lat' dir='ltr'>legit</span> 
     </span>
     <span class='ocr_line' id='line_1_25' title="bbox 848 4278 1031 4384; baseline -0.011 -20"><span class='ocrx_word' id='word_1_182' title='bbox 848 4278 1031 4384; x_wconf 77' lang='lat' dir='ltr'>gunnas?</span> 
     </span>
    </p>
   </div>
   <div class='ocr_carea' id='block_1_12' title="bbox 299 4480 1574 4700">
    <p class='ocr_par' dir='ltr' id='par_1_12' title="bbox 299 4480 1574 4700">
     <span class='ocr_line' id='line_1_26' title="bbox 353 4480 1574 4588; baseline -0.002 -32"><span class='ocrx_word' id='word_1_183' title='bbox 353 4483 445 4556; x_wconf 89' lang='lat' dir='ltr'>Vide</span> <span class='ocrx_word' id='word_1_184' title='bbox 473 4483 545 4556; x_wconf 90' lang='lat' dir='ltr'>tab.</span> <span class='ocrx_word' id='word_1_185' title='bbox 575 4481 679 4556; x_wconf 89' lang='lat' dir='ltr'>XVII</span> <span class='ocrx_word' id='word_1_186' title='bbox 705 4503 738 4553; x_wconf 92' lang='lat' dir='ltr'>n.</span> <span class='ocrx_word' id='word_1_187' title='bbox 754 4579 759 4588; x_wconf 87' lang='lat'>.</span> <span class='ocrx_word' id='word_1_188' title='bbox 776 4485 838 4572; x_wconf 89' lang='grc'>31,</span> <span class='ocrx_word' id='word_1_189' title='bbox 867 4480 1068 4556; x_wconf 88' lang='lat' dir='ltr'>Garrucci</span> <span class='ocrx_word' id='word_1_190' title='bbox 1094 4483 1320 4575; x_wconf 85' lang='lat' dir='ltr'>Inscriptions</span> <span class='ocrx_word' id='word_1_191' title='bbox 1338 4484 1486 4574; x_wconf 75' lang='lat' dir='ltr'>gravies</span> <span class='ocrx_word' id='word_1_192' title='bbox 1510 4492 1574 4557; x_wconf 88' lang='lat' dir='ltr'>ete.</span> 
     </span>
     <span class='ocr_line' id='line_1_27' title="bbox 299 4595 1574 4700; baseline -0.003 -18"><span class='ocrx_word' id='word_1_193' title='bbox 299 4631 334 4700; x_wconf 93' lang='lat' dir='ltr'>p.</span> <span class='ocrx_word' id='word_1_194' title='bbox 357 4612 423 4682; x_wconf 86' lang='lat'>54:</span> <span class='ocrx_word' id='word_1_195' title='bbox 438 4595 615 4681; x_wconf 81' lang='lat' dir='ltr'>‘cosmus&#39;</span> <span class='ocrx_word' id='word_1_196' title='bbox 638 4605 709 4678; x_wconf 87' lang='lat' dir='ltr'>tab.</span> <span class='ocrx_word' id='word_1_197' title='bbox 731 4604 864 4678; x_wconf 90' lang='lat' dir='ltr'>XXVI.</span> <span class='ocrx_word' id='word_1_198' title='bbox 885 4625 918 4676; x_wconf 92' lang='grc' dir='ltr'>ιι.</span> <span class='ocrx_word' id='word_1_199' title='bbox 941 4610 973 4696; x_wconf 90' lang='grc'>1,</span> <span class='ocrx_word' id='word_1_200' title='bbox 995 4607 1086 4679; x_wconf 90' lang='lat' dir='ltr'>unde</span> <span class='ocrx_word' id='word_1_201' title='bbox 1105 4605 1278 4679; x_wconf 87' lang='lat' dir='ltr'>Fiorelli</span> <span class='ocrx_word' id='word_1_202' title='bbox 1297 4595 1574 4700; x_wconf 85' lang='lat' dir='ltr'>Monumepigr.</span> 
     </span>
    </p>
   </div>
   <div class='ocr_carea' id='block_1_13' title="bbox 0 0 1711 5360">
    <p class='ocr_par' dir='ltr' id='par_1_13' title="bbox 0 0 1711 5360">
     <span class='ocr_line' id='line_1_28' title="bbox 0 0 1711 5360; baseline 0 0"><span class='ocrx_word' id='word_1_203' title='bbox 0 0 1711 5360; x_wconf 95' lang='lat' dir='ltr'> </span> 
     </span>
    </p>
   </div>
  </div>
 </body>
</html>
