3446 5340
882 317 1090 488 3714-

404 592 437 649 v.
461 575 482 645 7
510 565 745 646 narras.
760 571 796 642 tt
808 572 877 644 on
901 571 1150 665 Mommsenio
1168 570 1286 646 tabula
1304 591 1370 644 non
1389 575 1499 644 reete.

393 843 472 933 M.
500 855 603 947 Lapis
622 877 837 930 marmoreus
855 854 990 933 fractus
1009 857 1117 947 lapidi
1136 857 1258 927 maiori
1274 851 1408 936 tofacea
1423 855 1540 945 capite
1554 875 1619 925 mu·

349 977 454 1051 liebri
474 981 566 1072 quud
586 981 687 1054 lsidis
705 981 897 1055 eredebant
924 988 1048 1054 ornato
1076 981 1251 1068 inmissus,
1280 999 1370 1051 auno
1395 981 1494 1052 1813
1525 1001 1618 1070 snpra

351 1107 488 1191 portam
500 1101 602 1176 Isidis
620 1105 675 1178 vel
688 1105 791 1180 Sarni
810 1108 985 1183 inventus.
1004 1103 1174 1180 Toioceus
1192 1107 1280 1198 lapis
1295 1105 1355 1177 ubi
1370 1105 1415 1178 sit
1429 1105 1615 1196 ignoratum

351 1245 504 1298 marmor
523 1248 601 1300 cum
620 1231 846 1321 inscriptione
864 1251 954 1304 nunc
972 1231 1008 1302 in
1027 1251 1144 1302 museo
1164 1232 1364 1304 Britannico
1382 1235 1448 1302 est.

510 1401 549 1464 v.
569 1382 807 1486 pupillisv
1052 1382 1183 1470 Vedius
1196 1384 1380 1494 Popillius
1408 1381 1554 1491 thai‘f.

511 1505 611 1590 mad.
629 1507 705 1591 1111
1042 1509 1343 1594 neddtntatt'cos

511 1631 758 1717 aumtnaffatl
1042 1634 1235 1719 oenomao

531 1755 644 1840 laida
1080 1757 1175 1842 tidem

509 1878 713 1982 prdfntted
1035 1882 1212 1992 probauit

404 2041 488 2114 Tab.
510 2044 597 2117 Xlll
615 2067 648 2118 n.
670 2052 686 2117 1
714 2048 758 2119 ad
777 2047 954 2138 exemplar
972 2047 1282 2138 photograplrioum
1301 2045 1394 2137 quod
1413 2046 1509 2118 misit
1527 2045 1568 2118 Α.
1583 2043 1611 2116 S.

351 2163 498 2260 Murray
521 2169 784 2259 Londiniensis;
813 2173 885 2249 tab.
906 2171 974 2244 Xll
1002 2193 1035 2244 n.
1062 2176 1075 2243 l
1106 2193 1150 2244 ex
1174 2171 1333 2244 Florellii
1356 2153 1448 2262 quud
1467 2166 1558 2242 inira
1574 2170 1613 2241 ci·

349 2295 445 2365 tatur
472 2313 590 2384 opere.
619 2294 776 2368 Primum
804 2297 914 2369 edidit
941 2298 989 2369 de
1008 2295 1153 2370 Clarae
1178 2297 1333 2388 Pompei.
1360 2294 1508 2386 Neapoli
1525 2296 1614 2366 1813

349 2435 383 2505 p.
409 2415 455 2488 81
487 2438 551 2508 sq„
581 2439 681 2510 quem
710 2421 865 2492 libellum
894 2421 1107 2494 rarissimum
1136 2421 1281 2512 Neapoli
1308 2420 1474 2509 vidimus,
1504 2417 1617 2493 deiude

349 2539 505 2614 Mazois
524 2543 654 2616 Rniuas
673 2545 715 2617 de
734 2544 879 2637 Pompei
898 2547 914 2618 I
933 2548 1005 2619 tab.
1032 2528 1097 2634 ad
1124 2553 1246 2638 postea
1272 2549 1490 2638 repetierunt
1514 2545 1617 2636 multi,

349 2663 441 2735 iuter
464 2685 551 2756 qnos
569 2665 746 2758 Lepsius
773 2670 885 2744 laser.
906 2671 1029 2744 Umbr.
1050 2679 1086 2744 et
1105 2670 1184 2744 Osa.
1205 2692 1239 2762 p.
1262 2675 1310 2744 73
1331 2692 1383 2763 sq.
1412 2670 1484 2744 tab.
1506 2665 1618 2742 XXIV

349 2807 383 2859 n.
406 2791 468 2884 20,
497 2791 718 2866 Mommsen
748 2793 831 2867 Unt.
863 2797 953 2870 Dial.
983 2819 1017 2889 p.
1043 2801 1110 2870 181
1145 2796 1216 2868 tab.
1243 2795 1275 2866 X
1302 2818 1335 2867 n.
1359 2799 1421 2886 21,
1451 2793 1619 2868 Fiorelli

349 2911 505 2987 Menum.
526 2917 637 3008 epigr.
658 2917 779 3009 Pomp.
800 2919 818 2991 I
836 2919 871 2991 in
890 2919 1015 3012 ironte,
1040 2921 1116 3012 alii;
1144 2941 1254 3011 nuper
1273 2921 1384 2992 edidit
1402 2919 1561 2992 Fabretti
1580 2917 1619 2990 ad

349 3038 546 3128 exemplum
574 3059 656 3112 aere
682 3042 841 3134 innisum,
870 3044 961 3134 quod
988 3044 1021 3116 ei
1040 3043 1068 3116 1.
1091 3045 1133 3116 de
1152 3043 1262 3114 Witte
1281 3044 1436 3126 miserat,
1456 3043 1492 3114 in
1512 3040 1618 3116 Gloss.

348 3161 412 3233 col.
438 3167 537 3236 1479
559 3163 664 3240 110.
686 3168 712 3240 l.
734 3168 778 3240 It.
800 3190 834 3241 n.
857 3172 972 3244 2786.
1115 3174 1118 3182 ’

402 3451 468 3540 05.
498 3463 604 3556 Lapis
622 3467 814 3541 tiburtinus
841 3479 943 3560 parte
970 3468 1136 3541 inferiore
1162 3468 1293 3558 laesus,
1322 3474 1483 3558 repertus
1511 3483 1619 3540 meuse

347 3594 543 3686 Septembri
561 3594 644 3665 anni
666 3594 767 3665 1838
787 3591 823 3661 in
842 3593 943 3664 domo
963 3591 1110 3682 quadam
1129 3589 1220 3664 dello
1233 3591 1363 3664 Strado
1376 3591 1434 3663 dei
1446 3588 1618 3677 mercanti,

211 3776 219 3794 .
346 3741 439 3794 nune
466 3722 502 3792 in
530 3740 648 3792 museo
675 3717 915 3808 Neapolitano.
945 3717 1036 3790 altus
1065 3739 1110 3788 m.
1131 3720 1260 3808 0,245.
1285 3718 1408 3808 longus
1426 3739 1474 3790 m.
1495 3715 1618 3810 0‚593.

345 3845 488 3920 litterae
507 3845 596 3917 altae
616 3865 660 3915 m.
678 3845 807 3933 0,040.
1044 3937 1046 3942 Ι

666 4019 704 4080 v.
725 3995 913 4102 pdpidiis.
933 4018 971 4080 u.
991 3997 1092 4082 med.
1112 3998 1185 4082 1111

664 4121 853 4226 pasetatn.
871 4121 988 4206 akek.
1008 4127 1135 4225 ipson

667 4244 802 4332 deded.
821 4247 939 4331 isidn.
958 4245 1140 4352 prdlattd

666 4389 792 4477 Voltus
810 4389 994 4498 Populiana
1021 4389 1169 4499 Va'bd'f.
1177 4389 1338 4483 meddam
1356 4391 1491 4474 mitius

649 4516 837 4624 potitam
854 4517 952 4598 donc
969 4515 1195 4624 optumatium

657 4637 767 4737 dodoi,
788 4637 883 4722 tidem
894 4637 1082 4746 probauit.
