3398 5360
651 391 907 476 -67-.

107 599 215 672 rIetIs
238 599 467 672 occidentalis
490 600 626 672 externi
650 619 750 673 casae
771 599 827 674 del
854 603 976 676 Foaoo
1010 603 1108 694 (aeg.
1130 603 1182 678 VI
1208 607 1273 678 ino.
1297 606 1393 701 XII).

108 721 256 795 litterae
275 722 368 796 altae
387 743 431 794 m.
455 725 585 814 0‚100.

335 893 624 998 ..nmpuf...
976 896 1261 983 armon...

170 1074 256 1149 Tab.
276 1076 381 1148 XVII
401 1099 435 1149 n.
459 1079 506 1149 14
530 1077 573 1150 ad
594 1083 853 1150 monumentum
872 1077 1081 1152 delineatum
1100 1100 1217 1154 meuse
1235 1079 1394 1172 Septem·

110 1198 173 1272 bri
191 1200 272 1271 anni
294 1203 407 1274 1875.

171 1407 263 1500 QuIa
280 1410 346 1484 boo
365 1411 402 1482 in
420 1411 556 1501 pariete
576 1411 666 1484 aliae
684 1411 823 1484 litterae
836 1416 876 1483 ut
893 1413 926 1484 ΓΙ
945 1412 1029 1502 (tab.
1045 1411 1150 1486 XVII
1167 1434 1277 1506 prope
1295 1435 1330 1488 n.
1342 1417 1393 1486 20

110 1541 153 1608 et
166 1536 230 1625 21)
247 1532 423 1626 videntur,
442 1534 541 1608 valde
556 1534 722 1625 dolemua
743 1535 835 1625 quod
849 1555 912 1608 nos
927 1536 1041 1609 omnIa
1054 1539 1251 1611 accuratius
1265 1538 1393 1612 desem·

103 1657 200 1758 bere
219 1677 261 1730 ac
279 1657 454 1731 delineare
471 1679 538 1731 noo
559 1658 745 1750 potuimus.

168 1963 253 2054 lla.
284 1975 546 2068 Monogromma
571 1974 719 2066 graphio
746 1977 927 2046 exaratum
945 1974 981 2044 in
998 1973 1134 2064 pariete
1152 1975 1313 2048 orientali
1332 1995 1392 2048 ex-

110 2105 215 2172 terno
234 2119 337 2172 casae
355 2099 411 2171 del
429 2097 550 2170 Fauno
569 2099 670 2189 (aeg.
682 2096 733 2170 VI
751 2097 816 2170 ius.
829 2095 922 2187 XII).
934 2097 1073 2170 litterae
1091 2098 1185 2172 altae
1202 2117 1248 2169 m.
1261 2101 1390 2191 0,040.

726 2281 782 2377 ,pa

166 2453 251 2528 Tab.
272 2453 377 2528 XVII
405 2475 438 2525 n.
463 2458 509 2526 15
531 2454 780 2528 delinearimus
805 2475 922 2528 mense
946 2453 1143 2544 Septembri
1162 2455 1244 2527 anni
1275 2455 1389 2528 1875.

112 2577 213 2668 Quae
232 2578 539 2670 monogrammatis
556 2576 669 2652 forma
686 2597 755 2650 nou
785 2577 1031 2651 inveniebatur
1049 2579 1085 2651 in
1103 2579 1217 2652 tltulio
1234 2579 1336 2652 oecis.

166 2883 258 2973 120.
278 2893 433 2985 Grapbio
443 2894 650 2984 inscriptum
670 2893 706 2964 in
725 2894 860 2985 pariete
880 2894 1043 2966 orientali
1062 2901 1205 2968 externo
1219 2914 1320 2968 ousae
1336 2895 1393 2967 dol

111 3017 237 3090 Foaoo
256 3019 357 3110 (Reg.
377 3017 430 3091 VI
448 3018 512 3090 ina.
532 3017 631 3108 XII).
651 3017 790 3089 litterae
809 3017 900 3089 altae
919 3038 965 3088 m.
987 3019 1117 3110 0,012.

315 3184 553 3294 uotpupis
983 3190 1161 3295 propat.

168 3368 254 3443 Tab.
275 3368 381 3442 XVII
409 3392 444 3443 n.
469 3373 515 3442 16
548 3369 790 3442 delineaudnm
821 3371 1020 3442 curarimus
1047 3391 1166 3446 mense
1195 3368 1392 3462 Septembri

112 3495 195 3567 anni
218 3497 331 3583 18753
351 3495 465 3566 sintne
487 3490 552 3568 uu
569 3493 710 3566 litterae
729 3512 828 3566 oseae
847 3495 1031 3567 nescimus,

166 3801 250 3892 121.
279 3812 491 3902 Fragmenta
518 3810 788 3901 alphabetorum
803 3829 964 3884 oscorum
982 3811 1129 3902 graphio
1148 3812 1392 3902 inscriptorum

113 3939 149 4010 iu
167 3936 363 4030 parietibus
382 3955 481 4008 casae
498 3934 554 4008 del
572 3933 713 4007 Fauno:

164 4115 210 4188 A.
241 4115 278 4186 iu
295 4114 430 4205 pariete
450 4118 594 4186 externo
613 4111 791 4184 orientali:

328 4264 717 4368 aabgdovnb
744 4325 858 4343 .....
885 4259 1252 4366 protonolo

328 4388 527 4598 ill.

294 4632 298 4642 '
386 4635 532 4720 bk...
